@article{
    VershikKerov1985,
    author    = {Вершик А. М. and Керов С. В.},
    title     = {Асимптотика максимальной и типичной размерностей неприводимых представлений симметрической группы},
    journal   = {Функц. анализ и его прил.},
    year      = {1985},
    volume    = {19},
    number    = {1},
    pages     = {25--36}
}

@article{
    VershikKerov1977,
    author    = {Вершик, А. М. and Керов, С. В.},
    title     = {Асимптотика меры Планшереля симметрической группы и предельная форма таблиц Юнга},
    journal   = {Доклады Академии Наук СССР},
    year      = {1977},
    volume    = {223},
    number    = {6},
    pages     = {1024--1027}
}

@book{
    Dubna2010,
    author    = {А. И. Буфетов and М. В. Житлухин and Н. Е. Козин},
    title     = {Диаграммы Юнга и их предельная форма},
    publisher = {МЦНМО},
    year      = {2013},
    address   = {Москва},
    isbn      = {978-5-4439-0077-3}
}

@inbook{
    BershteinMertson2014-1,
    author    = {М. А. Берштейн and Г. А. Мерзон},
    title     = {Диаграммы Юнга, пути на решётке и метод отражений},
    booktitle = {Матем. просв.},
    year      = {2014},
    volume    = {18},
    pages     = {112--141},
    publisher = {МЦНМО},
    address   = {Москва},
    isbn      = {978-5-4439-0144-2}
}

@inbook{
    BershteinMertson2014-2,
    title     = {Математическое просвещение},
    series    = {Третья серия},
    number    = {18},
    address   = {Москва},
    publisher = {Издательство МЦНМО},
    year      = {2014},
    pages     = {112--141},
}

@article{
    Zeilberger1983,
    author    = {Doron Zeilberger},
    title     = {Andre’s reflection proof generalized to the many-candidate ballot problem},
    journal   = {Discrete Math.},
    year      = {1983},
    volume    = {44},
    pages     = {325--326},
}


